@book{Jackson:2006:SAL:1146359,
 author = {Jackson, Daniel},
 title = {Software Abstractions: Logic, Language, and Analysis},
 year = {2006},
 isbn = {0262101149},
 publisher = {The MIT Press},
}

@article{Eckerson1995,
  added-at = {2008-05-12T00:43:28.000+0200},
  author = {Eckerson, Wayne W.},
  biburl = {https://www.bibsonomy.org/bibtex/24756a3adba692c588c63a994807a9ca2/fsteeg},
  interhash = {0f89af2f8c9c7842da0bad866f9c9776},
  intrahash = {4756a3adba692c588c63a994807a9ca2},
  journal = {Open Information Systems},
  keywords = {three-tier},
  number = {1},
  timestamp = {2009-04-30T14:23:47.000+0200},
  title = {Three Tier Client/Server Architecture: Achieving Scalability, Performance, and Efficiency in Client Server Applications.},
  volume = {10},
  year = {1995}
}

@book{Beck2002,
 author = {Beck},
 title = {Test Driven Development: By Example},
 year = {2002},
 isbn = {0321146530},
 publisher = {Addison-Wesley Longman Publishing Co., Inc.},
 address = {Boston, MA, USA},
} 
